@article{neurips,
author = {Goodfellow, Ian},
year = {2016},
month = {12},
pages = {},
title = {NIPS 2016 Tutorial: Generative Adversarial Networks}
}